<record><leader>00000cas a22000007a 4500</leader><controlfield tag="001">13202385</controlfield><controlfield tag="008">860226d18331835pauwr ne      0    0eng d</controlfield><datafield ind1=" " ind2=" " tag="010"><subfield code="a">sn 86081140 </subfield></datafield><datafield ind1=" " ind2=" " tag="040"><subfield code="a">NPH</subfield><subfield code="b">eng</subfield><subfield code="c">NPH</subfield><subfield code="d">OCLCQ</subfield></datafield><datafield ind1=" " ind2=" " tag="042"><subfield code="a">msc</subfield></datafield><datafield ind1="0" ind2="0" tag="245"><subfield code="a">Tioga County phenix.</subfield></datafield><datafield ind1="1" ind2="7" tag="246"><subfield code="a">Phenix</subfield></datafield><datafield ind1=" " ind2=" " tag="260"><subfield code="a">Wellsborough, Pa. :</subfield><subfield code="b">Benjamin B. Smith</subfield></datafield><datafield ind1=" " ind2=" " tag="300"><subfield code="a">v. ;</subfield><subfield code="c">51 cm.</subfield></datafield><datafield ind1=" " ind2=" " tag="310"><subfield code="a">Weekly</subfield></datafield><datafield ind1="1" ind2=" " tag="362"><subfield code="a">Began in 1833; ceased in 1835?</subfield></datafield><datafield ind1=" " ind2=" " tag="500"><subfield code="a">Published Saturday of each week.</subfield></datafield><datafield ind1=" " ind2=" " tag="588"><subfield code="a">Description based on: Vol. 1, no. 4 (July 6, 1833).</subfield></datafield><datafield ind1=" " ind2=" " tag="752"><subfield code="a">United States</subfield><subfield code="b">Pennsylvania</subfield><subfield code="c">Tioga</subfield><subfield code="d">Wellsboro.</subfield></datafield><datafield ind1="0" ind2="0" tag="780"><subfield code="t">Phenix (Wellsboro, Pa.)</subfield><subfield code="w">(DLC)sn 86081139</subfield></datafield><datafield ind1="0" ind2="0" tag="785"><subfield code="t">Phoenix, and Tioga and Potter County gazette</subfield><subfield code="w">(DLC)sn 86081141</subfield></datafield></record>